@INPROCEEDINGS{4651075,
author={Y. {Kuwata} and G. A. {Fiore} and J. {Teo} and E. {Frazzoli} and J. P. {How}},
booktitle={2008 IEEE/RSJ International Conference on Intelligent Robots and Systems},
title={Motion planning for urban driving using RRT},
year={2008},
volume={},
number={},
pages={1681-1686},
keywords={mobile robots;path planning;tree searching;motion planning;urban driving;MIT DARPA Urban Challenge vehicle;rapidly-exploring random trees algorithm;robotic vehicles;Vehicles;Trajectory;Heuristic algorithms;Planning;Roads;Meteorology;Robots},
doi={10.1109/IROS.2008.4651075},
ISSN={2153-0858},
month={Sep.},}

@INPROCEEDINGS{5565069,
author={ and and and and and },
booktitle={2010 3rd International Conference on Computer Science and Information Technology},
title={A novel potential field method for obstacle avoidance and path planning of mobile robot},
year={2010},
volume={9},
number={},
pages={633-637},
keywords={collision avoidance;mobile robots;obstacle avoidance;path planning;mobile robot;artificial potential field method;gravity chain;steer angle tangent;artificial potential field;Robot kinematics;Electric potential;Collision avoidance;Industries;Service robots;obstacle avoidance;path planning;mobile robots;gravity chain;potential field},
doi={10.1109/ICCSIT.2010.5565069},
ISSN={},
month={July},}

@INPROCEEDINGS{6396150,
author={A. {Hussein} and H. {Mostafa} and M. {Badrel-din} and O. {Sultan} and A. {Khamis}},
booktitle={2012 International Conference on Engineering and Technology (ICET)},
title={Metaheuristic optimization approach to mobile robot path planning},
year={2012},
volume={},
number={},
pages={1-6},
keywords={genetic algorithms;mobile robots;path planning;search problems;simulated annealing;trajectory control;mobile robot path planning;trajectory based metaheuristic optimization;population based metaheuristic optimization;breadth first deterministic search;tabu search;simulated annealing;genetic algorithm;Path planning;Genetic algorithms;Mobile robots;Simulated annealing;Algorithm design and analysis;Mobile robots;Path Planning;Stochastic Optimization;Tabu Search;Simulated Annealing;Genetic Algorithm},
doi={10.1109/ICEngTechnol.2012.6396150},
ISSN={},
month={Oct},}

@incollection{vsantos2019,
   author={Vitor Santos},
   title={{ATLASCAR}: A Sample of the Quests and Concerns for Autonomous
Cars},
   booktitle={Informatics in Control, Automation and Robotics: 14th
International Conference, ICINCO 2017 Madrid, Spain, July 26-28, 2017
Revised Selected Papers},
   editor={Gusikhin, O. and Madani, K.},
   isbn={9783030112912},
   series={Lecture Notes in Electrical Engineering},
   url={https://books.google.pt/books?id=gQKTvwEACAAJ},
   year={2019},
   publisher={Springer International Publishing},
   notes={In press, March 2019}}

@inproceedings{vsantos2010,
   author    = {Vitor Santos and J. Almeida and E. Avila and D. Gameiro
and M. Oliveira and R. Pascoal and R. Sabino and P. Stein},
   title     = {{ATLASCAR} - technologies for a computer assisted
driving system on board a common automobile},
   booktitle = {13th International {IEEE} Conference on Intelligent
Transportation Systems, Funchal, Madeira, Portugal, 19-22 September 2010},
   pages     = {1421--1427},
   year      = {2010},
   url       = {https://doi.org/10.1109/ITSC.2010.5625031},
   doi       = {10.1109/ITSC.2010.5625031},}

@inproceedings{borelli,
author = {Gao, Yiqi and Lin, Theresa and Borrelli, Francesco and Tseng, Eric and Hrovat, Davor},
year = {2010},
month = {01},
pages = {},
title = {Predictive Control of Autonomous Ground Vehicles With Obstacle Avoidance on Slippery Roads},
journal = {Proceedings of DSCC},
doi = {10.1115/DSCC2010-4263}}

@book{Grne:2013:NMP:2531370,
 author = {Grne, Lars and Pannek, Jrgen},
 title = {Nonlinear Model Predictive Control: Theory and Algorithms},
 year = {2013},
 isbn = {1447126491, 9781447126492},
 publisher = {Springer Publishing Company, Incorporated},} 

@MastersThesis{Skoda:Thesis:2016,
    author     =     {Jan Skoda},
    title     =     {{3D Navigation for Mobile Robots}},
    school     =     {Charles University},
    address     =     {Prague},
    year     =     {2016},}

@article{YU2012145,
title = "Nonlinear Model Predictive Control for Path Following Problems",
journal = "IFAC Proceedings Volumes",
volume = "45",
number = "17",
pages = "145 - 150",
year = "2012",
note = "4th IFAC Conference on Nonlinear Model Predictive Control",
issn = "1474-6670",
doi = "https://doi.org/10.3182/20120823-5-NL-3013.00003",
url = "http://www.sciencedirect.com/science/article/pii/S1474667016314410",
author = "Shuyou Yu and Xiang Li and Hong Chen and Frank Allgöwer",
keywords = "model predictive control, nonlinear systems, path following problems, car-like mobile robot",
abstract = "This paper presents a general nonlinear model predictive control (NMPC) scheme for path following problems. Sufficient conditions for recursive feasibility and asymptotic convergence of the given scheme are presented. Furthermore, a method of choosing a suitable terminal penalty and the corresponding terminal constraint is proposed. To illustrate the implementation of the NMPC scheme, the path following problem of a car-like mobile robot is discussed and the control performance is confirmed by simulation results."}

@INPROCEEDINGS{7554777,
author={T. {Xu} and H. {Yuan}},
booktitle={2016 35th Chinese Control Conference (CCC)},
title={Autonomous vehicle active safety system based on path planning and predictive control},
year={2016},
volume={},
number={},
pages={8889-8895},
keywords={force control;mobile robots;motion control;path planning;polynomials;predictive control;road traffic control;road vehicles;steering systems;trajectory control;wheels;autonomous vehicle active safety system;path planning;predictive control;motion planner;MPC-based active front steering;wheel force control;polynomial parameterization trajectory;maneuver avoidance;trajectory tracking;MPC controller;longitudinal control;lateral control;front steering angle;Vehicles;Trajectory;Wheels;Mathematical model;Tires;Cost function;Collision avoidance;path planning;path tracking;model predictive control},
doi={10.1109/ChiCC.2016.7554777},
ISSN={1934-1768},
month={July},}

@INPROCEEDINGS{7995814,
author={M. {Nolte} and M. {Rose} and T. {Stolte} and M. {Maurer}},
booktitle={2017 IEEE Intelligent Vehicles Symposium (IV)},
title={Model predictive control based trajectory generation for autonomous vehicles — An architectural approach},
year={2017},
volume={},
number={},
pages={798-805},
keywords={mobile robots;path planning;predictive control;road vehicles;trajectory control;model predictive control based trajectory generation;autonomous vehicles;automated driving;perception systems;complicated urban scenarios;general-purpose path planners;trajectory planners;model predictive frameworks;system failures;Trajectory;Optimization;Systems architecture;Actuators;Degradation;Monitoring;Roads},
doi={10.1109/IVS.2017.7995814},
ISSN={},
month={June},}

@ARTICLE{7458179,
author={J. {Ji} and A. {Khajepour} and W. W. {Melek} and Y. {Huang}},
journal={IEEE Transactions on Vehicular Technology},
title={Path Planning and Tracking for Vehicle Collision Avoidance Based on Model Predictive Control With Multiconstraints},
year={2017},
volume={66},
number={2},
pages={952-964},
keywords={collision avoidance;electric vehicles;predictive control;path planning framework;vehicle collision avoidance;model predictive control;path tracking framework;autonomous vehicles;path-planning approach;3D virtual dangerous potential field;trigonometric function superposition;collision avoidance maneuvers;path-tracking controller;multiconstrained model predictive control problem;MMPC problem;front steering angle;moving obstacle vehicle;Simulink simulation;CarSim simulation;MMPC-based path-tracking controller;dynamic tracking performance;Vehicles;Collision avoidance;Trajectory;Roads;Autonomous automobiles;Three-dimensional displays;Autonomous vehicle;collision avoidance;model predictive control (MPC);multiconstraints;path planning;path tracking},
doi={10.1109/TVT.2016.2555853},
ISSN={0018-9545},
month={Feb},}

@INPROCEEDINGS{6669836,
author={J. V. {Frasch} and A. {Gray} and M. {Zanon} and H. J. {Ferreau} and S. {Sager} and F. {Borrelli} and M. {Diehl}},
booktitle={2013 European Control Conference (ECC)},
title={An auto-generated nonlinear MPC algorithm for real-time obstacle avoidance of ground vehicles},
year={2013},
volume={},
number={},
pages={4136-4141},
keywords={C language;collision avoidance;control engineering computing;friction;iterative methods;nonlinear control systems;optimisation;predictive control;road vehicles;traffic engineering computing;vehicle dynamics;wheels;C code;dynamic optimization;real-time iteration scheme;NMPC algorithms;ACADO code generation tool;load transfer;nonlinear four-wheel vehicle dynamics model;spatial nonlinear model predictive control;low-friction road surfaces;ground vehicles;real-time obstacle avoidance;auto-generated nonlinear MPC algorithm;Vehicles;Computational modeling;Vehicle dynamics;Load modeling;Wheels;Mathematical model;Real-time systems},
doi={10.23919/ECC.2013.6669836},
ISSN={},
month={July},}

@INPROCEEDINGS{6728261,
author={V. {Turri} and A. {Carvalho} and H. E. {Tseng} and K. H. {Johansson} and F. {Borrelli}},
booktitle={16th International IEEE Conference on Intelligent Transportation Systems (ITSC 2013)},
title={Linear model predictive control for lane keeping and obstacle avoidance on low curvature roads},
year={2013},
volume={},
number={},
pages={378-383},
keywords={automobiles;braking;collision avoidance;control system synthesis;linear systems;optimal control;optimisation;predictive control;road safety;road traffic control;steering systems;time-varying systems;vehicle dynamics;linear model predictive control;obstacle avoidance;low curvature roads;control architecture;linear MPC formulation;lane keeping;passenger car;control design;longitudinal dynamics;plausible braking;throttle profiles;prediction horizon;linear time-varying models;vehicle lateral dynamics;linear MPC problems;optimization problems;optimal braking;throttle command;steering angle command;autonomous passenger vehicle;slippery roads;Vehicles;Computational modeling;Generators},
doi={10.1109/ITSC.2013.6728261},
ISSN={2153-0009},
month={Oct},}

@article{Adaptive_Mpc_Lane_keeping_borelli,
  author    = {Monimoy Bujarbaruah and
               Xiaojing Zhang and
               H. Eric Tseng and
               Francesco Borrelli},
  title     = {Adaptive {MPC} for Autonomous Lane Keeping},
  journal   = {CoRR},
  volume    = {abs/1806.04335},
  year      = {2018},
  url       = {http://arxiv.org/abs/1806.04335},
  archivePrefix = {arXiv},
  eprint    = {1806.04335},
  timestamp = {Mon, 13 Aug 2018 16:47:49 +0200},
  biburl    = {https://dblp.org/rec/bib/journals/corr/abs-1806-04335},
  bibsource = {dblp computer science bibliography, https://dblp.org}
}

@MastersThesis{Ricardo:Thesis:2018,
    author     =     {Ricardo Silva},
    title     =     {{ATLASCAR2 Local Navigation for Autonomous Driving and Driver Assistance}},
    school     =     {Universidade de Aveiro},
    address     =     {Aveiro},
    year     =     {2018},}

@INPROCEEDINGS{onlineMPC,
author={M. {Werling} and D. {Liccardo}},
booktitle={2012 IEEE 51st IEEE Conference on Decision and Control (CDC)},
title={Automatic collision avoidance using model-predictive online optimization},
year={2012},
volume={},
number={},
pages={6309-6314},
keywords={braking;collision avoidance;emergency services;nonlinear control systems;optimisation;pedestrians;road traffic;steering systems;automatic collision avoidance;model-predictive online optimization;traffic emergency situations;obstacle avoidance algorithm;steering optimization;braking optimization;driving limits;nonlinear constrained online optimization;nonlinear model-predictive control;NMPC paradigm;simulated pedestrian collision avoidance;cornering;Vehicles;Optimization;Trajectory;Acceleration;Vehicle dynamics;Collision avoidance;Planning},
doi={10.1109/CDC.2012.6426612},
ISSN={0191-2216},
month={Dec},}

@INPROCEEDINGS{swarms,
author={Wei Xi and J. S. {Baras}},
booktitle={2007 Mediterranean Conference on Control Automation},
title={MPC based motion control of car-like vehicle swarms},
year={2007},
volume={},
number={},
pages={1-6},
keywords={mobile robots;motion control;multi-robot systems;predictive control;remotely operated vehicles;road vehicles;suboptimal control;motion control;car-like vehicle swarms;UAV swarms;suboptimal continuous-curvature trajectory generation;suboptimal reference trajectory;model predictive control;track following control;Motion control;Unmanned aerial vehicles;Mobile robots;Path planning;Remotely operated vehicles;Trajectory;Military computing;Vehicle dynamics;Kinematics;Predictive models},
doi={10.1109/MED.2007.4433686},
ISSN={},
month={June},}

@book{siciliano,
 author = {Siciliano, Bruno and Sciavicco, Lorenzo and Villani, Luigi and Oriolo, Giuseppe},
 title = {Robotics: Modelling, Planning and Control},
 year = {2008},
 isbn = {1846286417, 9781846286414},
 edition = {1st},
 publisher = {Springer Publishing Company, Incorporated},} 

@ARTICLE{long_tf,
author={Y. {Wang} and Y. {Bin} and K. {Li}},
journal={Tsinghua Science and Technology},
title={Longitudinal acceleration tracking control of low speed heavy-duty vehicles},
year={2008},
volume={13},
number={5},
pages={636-643},
keywords={Acceleration;Vehicles;Control systems;Transfer functions;Vehicle dynamics;Analytical models;Roads;stop-and-go cruise control system;nonlinearity;model matching control;sliding mode control},
doi={10.1016/S1007-0214(08)70105-6},
ISSN={1007-0214},
month={Oct},}

@MISC{mpctoolbox,
    author = {Alberto Bemporad and Manfred Morari and N. Lawrence Ricker and How To Contact Mathworks},
    title = {Model Predictive Control Toolbox: Getting Started Guide, The Math Works},
    year = {}
}

@inproceedings{rathai,
author = {Murali Madhavan Rathai, Karthik and Amirthalingam, Jegan and Jayaraman, Balaji},
year = {2017},
month = {06},
pages = {1-6},
title = {Robust tube-MPC based lane keeping system for autonomous driving vehicles},
doi = {10.1145/3132446.3134865}
}

@phdthesis{longitudinal,
author = {Filip, Jan},
year = {2018},
month = {05},
pages = {},
title = {Trajectory Tracking for Autonomous Vehicles},
doi = {10.13140/RG.2.2.36089.93288}
}

@INPROCEEDINGS{curvature,
author={ and },
booktitle={Proceedings 2001 ICRA. IEEE International Conference on Robotics and Automation (Cat. No.01CH37164)},
title={Trajectory planning for a four-wheel-steering vehicle},
year={2001},
volume={4},
number={},
pages={3320-3325 vol.4},
keywords={road vehicles;path planning;kinematics;position control;trajectory planning;four-wheel-steering vehicle;vehicle kinematics;steering planning;velocity planning;Trajectory;Wheels;Kinematics;Technology planning;Path planning;Remotely operated vehicles;Vehicle driving;Axles;Automotive engineering;Torque},
doi={10.1109/ROBOT.2001.933130},
ISSN={1050-4729},
month={May},}
